
@article{Lee02072020,
author = {Mintaek Lee and Jaechoul Lee},
title = {Trend and Return Level of Extreme Snow Events in New York City},
journal = {The American Statistician},
volume = {74},
number = {3},
pages = {282--293},
year = {2020},
publisher = {ASA Website},
doi = {10.1080/00031305.2019.1592780},
URL = {https://doi.org/10.1080/00031305.2019.1592780},
eprint = {https://doi.org/10.1080/00031305.2019.1592780}
}
