@book{wu2018nonparametric,
  title={Nonparametric Models for Longitudinal Data: with Implementation in {R}},
  author={Wu, Colin O and Tian, Xin},
  year={2018},
  publisher={CRC Press}
}

@article{huang2004polynomial,
  title={Polynomial Spline Estimation and Inference for Varying Coefficient Models with Longitudinal Data},
  author={Huang, Jianhua Z and Wu, Colin O and Zhou, Lan},
  journal={Statistica Sinica},
  volume={14},
  pages={763--788},
  year={2004},
  publisher={JSTOR}
}


@article{huang2002varying,
  title={Varying-Coefficient Models and Basis Function Approximations for the Analysis of Repeated Measurements},
  author={Huang, Jianhua Z and Wu, Colin O and Zhou, Lan},
  journal={Biometrika},
  volume={89},
  number={1},
  pages={111--128},
  year={2002},
  publisher={Oxford University Press}
}


@article{rice2001nonparametric,
  title={Nonparametric Mixed Effects Models for Unequally Sampled Noisy Curves},
  author={Rice, John A and Wu, Colin O},
  journal={Biometrics},
  volume={57},
  number={1},
  pages={253--259},
  year={2001},
  publisher={Wiley Online Library}
}

@article{White:heter0:1980,
 author = {Halbert White},
 journal = {Econometrica},
 number = {4},
 pages = {817--838},
 publisher = {[Wiley, Econometric Society]},
 title = {A Heteroskedasticity-Consistent Covariance Matrix Estimator and a Direct Test for Heteroskedasticity},
 urldate = {2023-05-08},
 volume = {48},
 year = {1980}
}

@article{MacKinnon:some:1985,
title = {Some Heteroskedasticity-Consistent Covariance Matrix Estimators with Improved Finite Sample Properties},
journal = {Journal of Econometrics},
volume = {29},
number = {3},
pages = {305-325},
year = {1985},
issn = {0304-4076},
doi = {https://doi.org/10.1016/0304-4076(85)90158-7},
author = {James G MacKinnon and Halbert White}
}



@article{Andrews:est:1999,
 ISSN = {00129682, 14680262},
 URL = {http://www.jstor.org/stable/2999564},
 author = {Donald W. K. Andrews},
 journal = {Econometrica},
 number = {6},
 pages = {1341--1383},
 publisher = {[Wiley, Econometric Society]},
 title = {Estimation When a Parameter is on a Boundary},
 urldate = {2023-05-02},
 volume = {67},
 year = {1999}
}

@article{Zeileis:eco:2004,
 title={Econometric Computing with HC and HAC Covariance Matrix Estimators},
 volume={11},
 url={https://www.jstatsoft.org/index.php/jss/article/view/v011i10},
 doi={10.18637/jss.v011.i10},
 number={10},
 journal={Journal of Statistical Software},
 author={Achim Zeileis},
 year={2004},
 pages={1–17}
}

@Article{Zeileis:obj:2006,
  title = {Object-Oriented Computation of Sandwich Estimators},
  author = {Achim Zeileis},
  journal = {Journal of Statistical Software},
  year = {2006},
  volume = {16},
  number = {9},
  pages = {1--16},
  doi = {10.18637/jss.v016.i09},
}

@Article{Zeileis:various:2020,
  title = {Various Versatile Variances: An Object-Oriented Implementation of Clustered Covariances in {R}},
  author = {Achim Zeileis and Susanne K\"oll and Nathaniel Graham},
  journal = {Journal of Statistical Software},
  year = {2020},
  volume = {95},
  number = {1},
  pages = {1--36},
  doi = {10.18637/jss.v095.i01},
}

@article{Ting:Merkle:merDeriv:2018,
 title={merDeriv: Derivative Computations for Linear Mixed Effects Models with Application to Robust Standard Errors},
 volume={87},
 url={https://www.jstatsoft.org/index.php/jss/article/view/v087c01},
 doi={10.18637/jss.v087.c01},
 number={1},
 journal={Journal of Statistical Software, Code Snippets},
 author={Wang, Ting and Merkle, Edgar C.},
 year={2018},
 pages={1–16}
}


@article{Anstey:Smith:inter:1999,
  author =	 {Anstey, Kaarin J and Smith, Glen A},
  year =	 1999,
  title =	 {Interrelationships Among Biological Markers of Aging, Health,
                  Activity, Acculturation, and Cognitive Performance in Late
                  Adulthood.},
  journal =	 {{P}sychology and {A}ging},
  volume =	 14,
  number =	 4,
  pages =	 {605--618},
}

@article{Barlow:Brunk:isotonic:1972,
  title =	 {The Isotonic Regression Problem and Its Dual},
  author =	 {Barlow, Richard E and Brunk, Hugh D},
  journal =	 {{J}ournal of the {A}merican {S}tatistical {A}ssociation},
  volume =	 67,
  number =	 337,
  pages =	 {140--147},
  year =	 1972,
  publisher =	 {Taylor \& Francis}
}

@misc{Bolker:wald:2016,
  title =	 {{W}ald Errors of Variances},
  author =	 {Ben Bolker},
  year =	 2016,
  howpublished = {\url{https://rpubs.com/bbolker/waldvar}},
  note =	 {Online; accessed Jan 3, 2022}
}

@article{Christensen:etal:analysis:1999,
  author =	 {Christensen, Helen and Mackinnon, A J and Korten, A E and
                  Jorm, A F and Henderson, A S and Jacomb, P and Rodgers, Bryan},
  year =	 1999,
  title =	 {An Analysis of Diversity in the Cognitive Performance of
                  Elderly Community Dwellers: {I}ndividual Differences in Change
                  Scores as a Function of Age},
  journal =	 {{P}sychology and {A}ging},
  volume =	 14,
  number =	 3,
  pages =	 365
}

@article{Curran:twelve:2010,
  title =	 {Twelve Frequently Asked Questions About Growth Curve Modeling},
  author =	 {Curran, Patrick J and Obeidat, Khawla and Losardo, Diane},
  journal =	 {{J}ournal of {C}ognition and {D}evelopment},
  volume =	 11,
  number =	 2,
  pages =	 {121--136},
  year =	 2010,
  publisher =	 {Taylor \& Francis}
}

@book{Hand:practical:1996,
  author =	 {Hand, David J and Crowder, Martin J},
  year =	 1996,
  title =	 {Practical Longitudinal Data Analysis},
  publisher =	 {Routledge},
  address =	 {Boca Raton}
}

@article{Hedeker:etal:application:2008,
  author =	 {Hedeker, Donald and Mermelstein, Robin and Demirtas, Hakan},
  year =	 2008,
  title =	 {An Application of a Mixed-Effects Location Scale Model for
                  Analysis of Ecological Momentary Assessment {(EMA)} Data},
  journal =	 {{B}iometrics},
  volume =	 64,
  number =	 2,
  pages =	 {627--34}
}

@article{Hedeker:etal:modeling:2012,
  author =	 {Hedeker, Donald and Mermelstein, Robin J and Demirtas, Hakan},
  year =	 2012,
  title =	 {Modeling Between-subject and Within-subject Variances in
                  Ecological Momentary Assessment Data Using Mixed-effects
                  Location Scale Models},
  journal =	 {{S}tatistics in {M}edicine},
  volume =	 31,
  number =	 27,
  pages =	 {3328--3336}
}

@article{Meyer:inference:2008,
  author =	 {Meyer, Mary C},
  year =	 2008,
  title =	 {Inference Using Shape-{R}estricted Regression Splines},
  journal =	 {{T}he {A}nnals of {A}pplied {S}tatistics},
  volume =	 2,
  number =	 3,
  pages =	 {1013--1033}
}

@Manual{Pinheiro:nlme:2022,
  title =	 {{nlme}: Linear and Nonlinear Mixed Effects Models},
  author =	 {Jose Pinheiro and Douglas Bates and Saikat DebRoy and Deepayan
                  Sarkar and {R Core Team}},
  year =	 2022,
  note =	 {{R} package version 3.1-157},
  url =		 {https://CRAN.R-project.org/package=nlme}
}

@article{Ramsay:monotone:1988,
  author =	 {Ramsay, James O},
  year =	 1988,
  title =	 {Monotone Regression Splines in Action},
  journal =	 {{S}tatistical {S}cience},
  volume =	 3,
  nubmer =	 4,
  pages =	 {425--461}
}

@article{Robert:etal:modelling:2002,
  author =	 {Robert-Grani{\'e}, Christ{\`e}le and Heude, Barbara and
                  Foulley, Jean-Louis},
  year =	 2002,
  title =	 {Modelling the Growth Curve of {M}aine-{A}njou Beef Cattle
                  Using Heteroskedastic Random Coefficients Models},
  journal =	 {{G}enetics {S}election {E}volution},
  volume =	 34,
  number =	 4,
  pages =	 423
}

@book{Stone:etal:science:2007,
  author =	 {Stone, Arthur and Shiffman, Saul and Atienza, Audie and
                  Nebeling, Linda},
  year =	 2007,
  title =	 {The Science of Real-{T}ime Data Capture: {S}elf-{R}eports in
                  Health Research},
  publisher =	 {Oxford University Press},
  address =	 {Oxford, England}
}

@article{Wang:Li:isotonic:2008,
  author =	 {Wang, Xiao and Li, Feng},
  year =	 2008,
  title =	 {Isotonic Smoothing Spline Regression},
  journal =	 {{J}ournal of {C}omputational and {G}raphical {S}tatistics},
  volume =	 17,
  number =	 1,
  pages =	 {21--37}
}

@article{Yan:Fine:esti:2004,
  author =	 {Yan, Jun and Fine, Jason},
  title =	 {Estimating Equations for Association Structures ({P}kg:
                  P859-880)},
  year =	 2004,
  journal =	 {{S}tatistics in {M}edicine},
  volume =	 23,
  number =	 6,
  pages =	 {859--874}
}

@book{Zuur:etal:Mixed:2009,
  author =	 {Zuur, Alain and Ieno, E N and Walker, Neil and Saveliev,
                  Anatoly and Smith, G M},
  year =	 2009,
  title =	 {Mixed Effects Models and Extensions in Ecology With {R}},
  publisher =	 {Springer},
  address =	 {New York}
}

@incollection{akaike1998information,
  title =	 {Information Theory and an Extension of the Maximum Likelihood
                  Principle},
  author =	 {Akaike, Hirotogu},
  booktitle =	 {Selected {P}apers of {H}irotugu {A}kaike},
  pages =	 {199--213},
  year =	 1998,
  publisher =	 {Springer}
}

@article{carroll1982adapting,
  author =	 {Raymond J. Carroll},
  journal =	 {{T}he {A}nnals of {S}tatistics},
  number =	 4,
  pages =	 {1224--1233},
  publisher =	 {Institute of Mathematical Statistics},
  title =	 {Adapting for Heteroscedasticity in Linear Models},
  volume =	 10,
  year =	 1982
}

@article{carter1992random,
  title =	 {A Random Coefficient Growth Curve Analysis of Mental
                  Development in {L}ow-{B}irth-{W}eight Infants},
  author =	 {Carter, Randy L and Resnick, Michael B and Ariet, Mario and
                  Shieh, Gwowen and Vonesh, Edward F},
  journal =	 {{S}tatistics in {M}edicine},
  volume =	 11,
  number =	 2,
  pages =	 {243--256},
  year =	 1992,
  publisher =	 {Wiley Online Library}
}

@article{cole1988fitting,
  author =	 {T. J. Cole},
  journal =	 {Journal of the Royal Statistical Society. Series A (Statistics
                  in Society)},
  number =	 3,
  pages =	 {385--418},
  publisher =	 {Royal Statistical Society, Wiley},
  title =	 {Fitting Smoothed Centile Curves to Reference Data},
  volume =	 151,
  year =	 1988
}

@article{cole1992smoothing,
  title =	 {Smoothing Reference Centile Curves: {T}he {LMS} Method and
                  Penalized Likelihood},
  author =	 {Cole, Timothy J and Green, Pamela J},
  journal =	 {{S}tatistics in {M}edicine},
  volume =	 11,
  number =	 10,
  pages =	 {1305--1319},
  year =	 1992,
  publisher =	 {Wiley Online Library}
}

@article{curry1966polya,
  title =	 {On {P}{\'o}lya Frequency Functions {IV}: the Fundamental
                  Spline Functions and Their Limits},
  author =	 {Curry, Haskell Brooks and Schoenberg, Isaac J},
  journal =	 {{J}ournal d'{A}nalyse {M}ath{\'e}matique},
  pages =	 {71--107},
  year =	 1966,
  volume =	 17,
  number =	 1
}

@article{das1999some,
  title =	 {Some Bootstrap Methods in Nonlinear Mixed-{E}ffect Models},
  author =	 {Das, Shubhabrata and Krishen, Alok},
  journal =	 {{J}ournal of {S}tatistical {P}lanning and {I}nference},
  volume =	 75,
  number =	 2,
  pages =	 {237--245},
  year =	 1999,
  publisher =	 {Elsevier}
}

@article{desdicioglu2010foetal,
  author =	 {Desdicioglu, K and Malas, Mehmet Ali and Evcil, E},
  year =	 2010,
  month =	 11,
  pages =	 {216--224},
  title =	 {Foetal Development of the Pancreas},
  volume =	 69,
  journal =	 {{F}olia {M}orphologica}
}

@article{diggle1998nonparametric,
  title =	 {Nonparametric Estimation of Covariance Structure in
                  Longitudinal Data},
  author =	 {Diggle, Peter J and Verbyla, Ar{\=u}nas P},
  journal =	 {Biometrics},
  volume =	 54,
  number =	 2,
  pages =	 {401--415},
  year =	 1998,
  publisher =	 {JSTOR}
}

@article{elzbieta2005morphometry,
  author =	 {Krakowiak-Sarnowska, El{\.z}bieta and Flisi{\'n}ski, Piotr and
                  Szpinda, Micha{\l} and Sarnowski, Jan and Lisewski, Pawe{\l}
                  and Flisi{\'n}ski, Mariusz},
  year =	 2005,
  month =	 02,
  pages =	 {29--32},
  title =	 {Morphometry of the Pancreas in Human Foetuses},
  volume =	 64,
  journal =	 {{F}olia {M}orphologica}
}

@article{hata1988ultrasonographic,
  title =	 {Ultrasonographic Identification and Measurement of the Human
                  Fetal Pancreas in Utero},
  journal =	 {{I}nternational {J}ournal of {G}ynecology \& {O}bstetrics},
  volume =	 26,
  number =	 1,
  pages =	 {61--64},
  year =	 1988,
  author =	 {K. Hata and T. Hata and M. Kitao},
}

@article{healy1988distribution,
  title =	 {Distribution-{F}ree Estimation of Age-{R}elated Centiles},
  author =	 {Healy, M J R and Rasbash, J and Yang, Min},
  journal =	 {{A}nnals of {H}uman {B}iology},
  volume =	 15,
  number =	 1,
  pages =	 {17--22},
  year =	 1988,
  publisher =	 {Taylor \& Francis}
}

@article{lambert2001analysis,
  author =	 {Lambert, Paul C. and Abrams, Keith R. and Jones, David R. and
                  Halligan, Aidan W. F. and Shennan, Andrew},
  title =	 {Analysis of Ambulatory Blood Pressure Monitor Data Using a
                  Hierarchical Model Incorporating Restricted Cubic Splines and
                  Heterogeneous Within-Subject Variances},
  journal =	 {{S}tatistics in {M}edicine},
  volume =	 20,
  number =	 24,
  pages =	 {3789-3805},
  year =	 2001
}

@article{liang1986longitudinal,
  author =	 {Liang, Kung-Yee and Zeeger, Scott L.},
  title =	 {Longitudinal Data Analysis Using Generalized Linear Models},
  journal =	 {{B}iometrika},
  volume =	 73,
  number =	 1,
  pages =	 {13--22},
  year =	 1986,
  month =	 04,
}

@article{lin2013nonparametric,
  title =	 {Nonparametric Estimation of Mean and Covariance Structures for
                  Longitudinal Data},
  author =	 {Lin, Huazhen and Pan, Jianxin},
  journal =	 {Canadian Journal of Statistics},
  volume =	 41,
  number =	 4,
  pages =	 {557--574},
  year =	 2013,
  publisher =	 {Wiley Online Library}
}

@article{lyndon1989sonographic,
  author =	 {Hill, Lyndon M. and Peterson, Carol and Rivello, Dawn and
                  Hixson, Joyce and Belfar, Hanae L.},
  title =	 {Sonographic Detection of the Fetal Pancreas},
  journal =	 {{J}ournal of {C}linical {U}ltrasound},
  volume =	 17,
  number =	 7,
  pages =	 {475--479},
  year =	 1989
}

@article{mcardle2003growth,
  title =	 {Growth Curve Analysis in Contemporary Psychological Research},
  author =	 {McArdle, John J and Nesselroade, John R},
  year =	 2003,
  publisher =	 {John Wiley \& Sons Inc},
  volumne =	 2,
  pages =	 {447--480},
  journal =	 {{H}andbook of {P}sychology: {R}esearch {M}ethods in
                  {P}sychology}
}

@article{muller1987estimation,
  author =	 {Hans-Georg Muller and Ulrich Stadtmuller},
  journal =	 {{T}he {A}nnals of {S}tatistics},
  number =	 2,
  pages =	 {610--625},
  publisher =	 {Institute of Mathematical Statistics},
  title =	 {Estimation of Heteroscedasticity in Regression Analysis},
  volume =	 15,
  year =	 1987
}

@article{nelder1998joint,
  title =	 {Joint Modeling of Mean and Dispersion},
  author =	 {Nelder, John A and Lee, Youngjo},
  journal =	 {{T}echnometrics},
  volume =	 40,
  number =	 2,
  pages =	 {168--171},
  year =	 1998,
  publisher =	 {Taylor \& Francis}
}

@article{quinn2012ontogeny,
  author =	 {Quinn, Amy and Blanco, Cynthia and Perego, Carla and Finzi,
                  Giovanna and La Rosa, Stefano and Capella, Carlo and
                  Guardado-Mendoza, Rodolfo and Casiraghi, Francesca and
                  Gastaldelli, Amalia and Johnson, Marney and Dick, Edward and
                  Folli, Franco},
  year =	 2012,
  month =	 06,
  pages =	 {289--299},
  title =	 {The Ontogeny of the Endocrine Pancreas in the Fetal/{N}ewborn
                  Baboon},
  volume =	 214,
  journal =	 {{T}he {J}ournal of {E}ndocrinology},
  doi =		 {10.1530/JOE-12-0070}
}

@article{rigby2005generalized,
  title =	 {Generalized Additive Models for Location, Scale and Shape
                  (with Discussion)},
  journal =	 {{A}pplied {S}tatistics},
  volume =	 54,
  part =	 3,
  pages =	 {507-554},
  year =	 2005,
  author =	 {R. A. Rigby and D. M. Stasinopoulos},
}

@article{rigby2013discussion,
  author =	 {Robert A Rigby and D M Stasinopoulos and V Voudouris},
  title =	 {Discussion: {A} Comparison of {GAMLSS} with Quantile
                  Regression},
  journal =	 {{S}tatistical {M}odelling},
  volume =	 13,
  number =	 4,
  pages =	 {335--348},
  year =	 2013
}

@article{rigby2014automatic,
  author =	 {Robert A Rigby and Dimitrios M Stasinopoulos},
  title =	 {Automatic Smoothing Parameter Selection in {GAMLSS} With an
                  Application to Centile Estimation},
  journal =	 {{S}tatistical {M}ethods in {M}edical {R}esearch},
  volume =	 23,
  number =	 4,
  pages =	 {318--332},
  year =	 2014
}

@article{robert2002modelling,
  title =	 {Modelling the Growth Curve of {M}aine-{A}njou Beef Cattle
                  Using Heteroskedastic Random Coefficients Models},
  author =	 {Robert-Grani{\'e}, Christ{\`e}le and Heude, Barbara and
                  Foulley, Jean-Louis},
  journal =	 {{G}enetics {S}election {E}volution},
  volume =	 34,
  number =	 4,
  pages =	 {1--23},
  year =	 2002,
  publisher =	 {Springer}
}

@book{rossi2018mathematical,
  title =	 {Mathematical Statistics: An Introduction to Likelihood Based
                  Inference},
  author =	 {Rossi, Richard J},
  year =	 2018,
  publisher =	 {John Wiley \& Sons},
  pages =	 227,
  address =	 {Hoboken, NJ}
}

@article{royston1998method,
  title =	 {A Method for Estimating Age-Specific Reference Intervals
                  (`Normal Ranges') Based on Fractional Polynomials and
                  Exponential Transformation},
  author =	 {Royston, Patrick and Wright, Eileen M},
  journal =	 {{J}ournal of the {R}oyal {S}tatistical {S}ociety: {S}eries {A}
                  ({S}tatistics in {S}ociety)},
  volume =	 161,
  number =	 1,
  pages =	 {79--101},
  year =	 1998,
  publisher =	 {Wiley Online Library}
}

@article{sandland1979stochastic,
  author =	 {R. L. Sandland and C. A. McGilchrist},
  journal =	 {{B}iometrics},
  number =	 1,
  pages =	 {255--271},
  publisher =	 {[Wiley, International Biometric Society]},
  title =	 {Stochastic Growth Curve Analysis},
  volume =	 35,
  year =	 1979
}

@article{schwarz1978estimating,
  title =	 {Estimating the Dimension of a Model},
  author =	 {Schwarz, Gideon},
  journal =	 {{T}he {A}nnals of {S}tatistics},
  pages =	 {461--464},
  year =	 1978,
  publisher =	 {JSTOR}
}

@article{smyth1989generalized,
  title =	 {Generalized Linear Models with Varying Dispersion},
  author =	 {Smyth, Gordon K},
  journal =	 {{J}ournal of the {R}oyal {S}tatistical {S}ociety: {S}eries {B}
                  ({M}ethodological)},
  volume =	 51,
  number =	 1,
  pages =	 {47--60},
  year =	 1989,
  publisher =	 {Wiley Online Library}
}

@book{stasinopoulos2017flexible,
  title =	 {Flexible Regression and Smoothing: Using {GAMLSS} in {R}},
  author =	 {Stasinopoulos, Mikis D and Rigby, Robert A and Heller, Gillian
                  Z and Voudouris, Vlasios and De Bastiani, Fernanda},
  year =	 2017,
  publisher =	 {CRC Press},
  address =	 {Boca Raton, FL}
}

@article{strydhorst2018plant,
  title =	 {Plant Growth Regulators: {W}hat Agronomists Need to Know},
  author =	 {Strydhorst, Sheri and Hall, Linda and Perrott, Laurel},
  journal =	 {{C}rops \& {S}oils},
  volume =	 51,
  number =	 6,
  pages =	 {22--26},
  year =	 2018,
  publisher =	 {Wiley Online Library}
}

@article{thai2013comparison,
  title =	 {A Comparison of Bootstrap Approaches for Estimating
                  Uncertainty of Parameters in Linear Mixed-{E}ffects Models},
  author =	 {Thai, Hoai-Thu and Mentr{\'e}, France and Holford, Nicholas HG
                  and Veyrat-Follet, Christine and Comets, Emmanuelle},
  journal =	 {{P}harmaceutical {S}tatistics},
  volume =	 12,
  number =	 3,
  pages =	 {129--140},
  year =	 2013,
  publisher =	 {Wiley Online Library}
}

@article{wang2011flexible,
  title =	 {Flexible Estimation of Covariance Function by Penalized Spline
                  with Application to Longitudinal Family Data},
  author =	 {Wang, Yuanjia},
  journal =	 {Statistics in Medicine},
  volume =	 30,
  number =	 15,
  pages =	 {1883--1897},
  year =	 2011,
  publisher =	 {Wiley Online Library}
}

@article{wang2021shape,
  title =	 {Shape-{R}estricted Regression Splines with {R} Package
                  {splines2}},
  author =	 {Wenjie Wang and Jun Yan},
  year =	 2021,
  volume =	 19,
  number =	 3,
  pages =	 {498--517},
  journal =	 {{J}ournal of {D}ata {S}cience}
}

@article{wei2006quantile,
  title =	 {Quantile Regression Methods for Reference Growth Charts},
  author =	 {Wei, Ying and Pere, Anneli and Koenker, Roger and He, Xuming},
  journal =	 {{S}tatistics in {M}edicine},
  volume =	 25,
  number =	 8,
  pages =	 {1369--1382},
  year =	 2006,
  publisher =	 {Wiley Online Library}
}

@article{wu2002study,
  author =	 {Wu, Hulin and Zhang, Jin-Ting},
  year =	 2002,
  month =	 12,
  pages =	 {3655--75},
  title =	 {The Study of Long-{T}erm {HIV} Dynamics Using
                  Semi-{P}arametric Non-{L}inear Mixed-{E}ffects Models},
  volume =	 21,
  journal =	 {{S}tatistics in {M}edicine}
}

@article{zee1998growth,
  title =	 {Growth Curve Model Analysis for Quality of Life Data},
  author =	 {Zee, Benny C},
  journal =	 {{S}tatistics in {M}edicine},
  volume =	 17,
  number =	 {5--7},
  pages =	 {757--766},
  year =	 1998,
  publisher =	 {Wiley Online Library}
}
